<record><leader>00000cas a2200000Ia 4500</leader><controlfield tag="001">10503951</controlfield><controlfield tag="008">840309d18771878ksuwr ne      0   a0eng d</controlfield><datafield ind1=" " ind2=" " tag="010"><subfield code="a">sn 83040628 </subfield></datafield><datafield ind1=" " ind2=" " tag="040"><subfield code="a">KSH</subfield><subfield code="b">eng</subfield><subfield code="c">KSH</subfield><subfield code="d">NPT</subfield><subfield code="d">OCLCQ</subfield></datafield><datafield ind1=" " ind2=" " tag="043"><subfield code="a">n-us-ks</subfield></datafield><datafield ind1="0" ind2="4" tag="245"><subfield code="a">The Columbus vidette.</subfield></datafield><datafield ind1=" " ind2=" " tag="260"><subfield code="a">Columbus, Kan. :</subfield><subfield code="b">Hoffman &amp; Metcalf,</subfield><subfield code="c">1877-1878.</subfield></datafield><datafield ind1=" " ind2=" " tag="300"><subfield code="a">1 v. ;</subfield><subfield code="c">50 cm.</subfield></datafield><datafield ind1=" " ind2=" " tag="310"><subfield code="a">Vol. 1, no. 1 (Sept. 28,</subfield><subfield code="b">1877)-v. 1, no. 31 (Apr. 26, 1878)</subfield></datafield><datafield ind1=" " ind2=" " tag="500"><subfield code="a">"Democrat."</subfield></datafield><datafield ind1=" " ind2=" " tag="752"><subfield code="a">United States</subfield><subfield code="b">Kansas</subfield><subfield code="c">Cherokee</subfield><subfield code="d">Columbus.</subfield></datafield><datafield ind1="0" ind2="0" tag="780"><subfield code="t">Cherokee index</subfield><subfield code="w">(DLC)sn 84029203</subfield></datafield></record>